<?xml version="1.0" encoding="UTF-8"?><collection xmlns="http://www.loc.gov/MARC21/slim"><record><leader>00504nam--2200145-i-4500</leader><controlfield tag="001">000012334</controlfield><controlfield tag="002">20161230</controlfield><controlfield tag="005">20161230201029</controlfield><controlfield tag="008">060222s1000------------r-----000-0-eng-d</controlfield><datafield ind1=" " ind2=" " tag="080"><subfield code="a">517.987.4(061.3)</subfield></datafield><datafield ind1=" " ind2=" " tag="245"><subfield code="a">Functional integration and its applications. proceedings of the international conferince held at cumberland lodge, windsor great park, london, in april, 1974</subfield></datafield><datafield ind1=" " ind2=" " tag="260"><subfield code="a">Oxford, Clarendon Press, 1975 195 P</subfield></datafield><datafield ind1=" " ind2=" " tag="700"><subfield code="a">Arthurs, A.M</subfield></datafield><datafield ind1=" " ind2=" " tag="852"><subfield code="a">45357</subfield><subfield code="c">517.9</subfield></datafield><datafield ind1=" " ind2=" " tag="CAT"><subfield code="a">Sys</subfield><subfield code="c">20081027</subfield><subfield code="h">115322</subfield></datafield></record></collection>